@article{dehnadi2006camel,
  title={The camel has two humps (working title)},
  author={Dehnadi, Saeed and Bornat, Richard},
  journal={Middlesex University, UK},
  pages={1--21},
  year={2006}
}

@inproceedings{bornat2008mental,
  title={Mental models, consistency and programming aptitude},
  author={Bornat, Richard and Dehnadi, Saeed and others},
  booktitle={Proceedings of the tenth conference on Australasian computing education},
  volume={78},
  pages={53--61},
  year={2008},
  organization={Australian Computer Society, Inc.}
}

@article{bornat2014camels,
  title={Camels and humps: a retraction},
  author={Bornat, Richard},
  year={2014}
}

@article{ford2010assessing,
  title={Assessing the success of an introductory programming course},
  author={Ford, Marilyn and Venema, Sven},
  journal={Journal of Information Technology Education: Research},
  volume={9},
  number={1},
  pages={133--145},
  year={2010},
  publisher={Informing Science Institute}
}

@electronic{bricklin,
 author = {Bricklin, Dan},
 title = {Why {J}ohnny can't program},
 url = {http://www.bricklin.com/wontprogram.htm},
}

@electronic{onlinetest,
  author = {\L{}opuza\'{n}ski, Jakub},
  url = {http://vanisoft.pl/~lopuszanski/public/canihascs/},
}

@electronic{ferguson,
 author = {Ferguson, Cat},
 year = {2014},
 title = {The camel doesnâ€™t have two humps: Programming ``aptitude test'' canned for overzealous conclusion},
 url = {http://retractionwatch.com/2014/07/18/the-camel-doesnt-have-two-humps-programming-aptitude-test-canned-for-overzealous-conclusion/},
}

@misc{iverilog,
 author = {Icarus},
 title = {Icarus Verilog [Computer Software]},
}

@inproceedings{chalk2003improving,
  title={Improving pass rates in introductory programming},
  author={Chalk, Peter and Boyle, Tom and Pickard, Poppy and Bradley, Claire and Jones, Ray and Fisher, Ken},
  booktitle={Proceedings of the 4th Annual LTSN-ICS Conference},
  pages={6--10},
  year={2003}
}

@inproceedings{karahasanovic2007difficulties,
  title={Difficulties experienced by students in maintaining object-oriented systems: an empirical study},
  author={Karahasanovi{\'c}, Amela and Thomas, Richard C.},
  booktitle={Proceedings of the ninth Australasian conference on Computing education},
  volume={66},
  pages={81--87},
  year={2007},
  organization={Australian Computer Society, Inc.}
}

@article{pears2002describing,
  title={Describing computer science education research: an academic process view},
  author={Pears, Arnold and Daniels, Mats and Berglund, Anders}
}

@inproceedings{strnadprogramming,
  title={Programming aptitude and learning success in the introductory course on programming},
  author={Strnad, Mateja and {\v{S}}erbec, Irena Nan{\v{c}}ovska and Rugelj, Jo{\v{z}}e}
  year={2009},
  month={September},
  organization={Conference ICL}
}


@inproceedings{caspersen2007mental,
  title={Mental models and programming aptitude},
  author={Caspersen, Michael E and Larsen, Kasper Dalgaard and Bennedsen, Jens},
  booktitle={ACM SIGCSE Bulletin},
  volume={39},
  number={3},
  pages={206--210},
  year={2007},
  organization={ACM}
}
